% This file was created with JabRef 2.10.
% Encoding: MacRoman


@article{bonnabel2009riemannian,
  title={Riemannian metric and geometric mean for positive semidefinite matrices of fixed rank},
  author={Bonnabel, Silvere and Sepulchre, Rodolphe},
  journal={SIAM Journal on Matrix Analysis and Applications},
  volume={31},
  number={3},
  pages={1055--1070},
  year={2009},
  publisher={SIAM}
}

@article{bonnabel2008geometric,
  title={Geometric distance and mean for positive semi-definite matrices of fixed rank},
  author={Bonnabel, Silvere and Sepulchre, Rodolphe},
  journal={arXiv preprint arXiv:0807.4462},
  year={2008}
}

@inproceedings{krivov2016dimensionality,
  title={Dimensionality reduction with {isomap} algorithm for {EEG} covariance matrices},
  author={Krivov, Egor and Belyaev, Mikhail},
  booktitle={Brain-Computer Interfaces (BCI), 2016 4th International Winter Conference on},
  pages={1--4},
  year={2016},
  organization={IEEE}
}

@inproceedings{jayasumana2013kernel,
  title={Kernel methods on the riemannian manifold of symmetric positive definite matrices},
  author={Jayasumana, Sadeep and Hartley, Richard and Salzmann, Mathieu and Li, Hongdong and Harandi, Mehrtash},
  booktitle={Proceedings of the IEEE Conference on Computer Vision and Pattern Recognition},
  pages={73--80},
  year={2013}
}

@article{barachant2012multiclass,
  title={Multiclass brain-computer interface classification by {R}iemannian geometry},
  author={Barachant, Alexandre and Bonnet, St{\'e}phane and Congedo, Marco and Jutten, Christian},
  journal={IEEE Transactions on Biomedical Engineering},
  volume={59},
  number={4},
  pages={920--928},
  year={2012},
  publisher={IEEE}
}

@article{barachant2013classification,
  title={Classification of covariance matrices using a {R}iemannian-based kernel for {BCI} applications},
  author={Barachant, Alexandre and Bonnet, St{\'e}phane and Congedo, Marco and Jutten, Christian},
  journal={Neurocomputing},
  volume={112},
  pages={172--178},
  year={2013},
  publisher={Elsevier}
}

@article{sansores2016modelling,
  title={Modelling effective brain connectivity using manifolds in optical functional neuroimaging},
  author={Sansores, Shender Mar{\i}a Avila and Espina, Felipe Orihuela and G{\'o}mez, Gustavo Rodr{\i}guez},
  year={2016}
}

@inproceedings{dodero2015kernel,
  title={Kernel-based classification for brain connectivity graphs on the {R}iemannian manifold of positive definite matrices},
  author={Dodero, Luca and Minh, Ha Quang and San Biagio, Marco and Murino, Vittorio and Sona, Diego},
  booktitle={Biomedical Imaging (ISBI), 2015 IEEE 12th International Symposium on},
  pages={42--45},
  year={2015},
  organization={IEEE}
}

@article{fletcher2007riemannian,
  title={Riemannian geometry for the statistical analysis of diffusion tensor data},
  author={Fletcher, P Thomas and Joshi, Sarang},
  journal={Signal Processing},
  volume={87},
  number={2},
  pages={250--262},
  year={2007},
  publisher={Elsevier}
}

@inproceedings{slavakis2016clustering,
  title={Clustering time-varying connectivity networks by {R}iemannian geometry: The brain-network case},
  author={Slavakis, Konstantinos and Salsabilian, Shiva and Wack, David S and Muldoon, Sarah F},
  booktitle={Statistical Signal Processing Workshop (SSP), 2016 IEEE},
  pages={1--5},
  year={2016},
  organization={IEEE}
}

@article{ng2016transport,
  title={Transport on {R}iemannian manifold for connectivity-based brain decoding},
  author={Ng, Bernard and Varoquaux, Gael and Poline, Jean Baptiste and Greicius, Michael and Thirion, Bertrand},
  journal={IEEE {T}ransactions on {M}edical Imaging},
  volume={35},
  number={1},
  pages={208--216},
  year={2016},
  publisher={IEEE}
}

@article{berg1984harmonic,
  title={Harmonic analysis on semigroups},
  author={Berg, Christian and Christensen, Jens Peter Reus and Ressel, Paul},
  year={1984},
  publisher={Springer-Verlag}
}
@article{schoenberg1938metric,
  title={Metric spaces and positive definite functions},
  author={Schoenberg, Isaac J},
  journal={Transactions of the American Mathematical Society},
  volume={44},
  number={3},
  pages={522--536},
  year={1938},
  publisher={JSTOR}
}

@article{pennec2006riemannian,
  title={A {R}iemannian framework for tensor computing},
  author={Pennec, Xavier and Fillard, Pierre and Ayache, Nicholas},
  journal={International Journal of Computer Vision},
  volume={66},
  number={1},
  pages={41--66},
  year={2006},
  publisher={Springer}
}

@article{moakher2011riemannian,
  title={The Riemannian geometry of the space of positive-definite matrices and its application to the regularization of positive-definite matrix-valued data},
  author={Moakher, Maher and Z{\'e}ra{\"\i}, Mourad},
  journal={Journal of Mathematical Imaging and Vision},
  volume={40},
  number={2},
  pages={171--187},
  year={2011},
  publisher={Springer}
}

@inproceedings{dodonova_kernel_bacon,
  author = {Dodonova, Y. and Belyaev, M. and Tkachev, A. and Petrov, D. and Zhukov, L.},
  title = {Kernel Classification of Connectomes Based on {E}arth {M}over`s Distance between Graph Spectra},
  booktitle = {1st International Workshop on Brain Analysis using Connectivity Networks at MICCAI},
  year = {2016},
  keywords = {connectomics, graph spectra, earth moverâ€™s distance, kernel SVM},
  language = {english},
  pages = {41--50},
}

@book{faraut1994analysis,
  title={Analysis on symmetric cones},
  author={Faraut, Jacques and Kor{\'a}nyi, Adam},
  year={1994}
}

@inproceedings{kurmukov2016classification,
  title={Classification of Normal and Pathological Brain Networks Based on Similarity in Graph Partitions},
  author={Kurmukov, Anvar and Dodonova, Yulia and Zhukov, Leonid},
  booktitle={Data Mining Workshops (ICDMW), 2016 IEEE 16th International Conference on},
  pages={107--112},
  year={2016},
  organization={IEEE}
}

@book{scholkopf2001learning,
  title={Learning with kernels: support vector machines, regularization, optimization, and beyond},
  author={Scholkopf, Bernhard and Smola, Alexander J},
  year={2001},
  publisher={MIT Press}
}

@article{smith2013functional,
  title={Functional connectomics from resting-state f{MRI} },
  author={Smith, Stephen M and Vidaurre, Diego and Beckmann, Christian F and Glasser, Matthew F and Jenkinson, Mark and others},
  journal={Trends in cognitive sciences},
  volume={17},
  number={12},
  pages={666--682},
  year={2013},
  publisher={Elsevier}
}

@article{tax2014recursive,
  title={Recursive calibration of the fiber response function for spherical deconvolution of diffusion {MRI} data},
  author={Tax, Chantal MW and Jeurissen, Ben and Vos, Sjoerd B and Viergever, Max A and Leemans, Alexander},
  journal={Neuroimage},
  volume={86},
  pages={67--80},
  year={2014},
  publisher={Elsevier}
}

@article{garyfallidis2014dipy,
  title={Dipy, a library for the analysis of diffusion {MRI} data},
  author={Garyfallidis, Eleftherios and Brett, Matthew and Amirbekian, Bagrat and Rokem, Ariel and Van Der Walt, Stefan and Descoteaux, Maxime and Nimmo-Smith, Ian},
  journal={Frontiers in neuroinformatics},
  volume={8},
  pages={8},
  year={2014},
  publisher={Frontiers}
}

@article{fischl2012freesurfer,
  title={FreeSurfer},
  author={Fischl, Bruce},
  journal={Neuroimage},
  volume={62},
  number={2},
  pages={774--781},
  year={2012},
  publisher={Elsevier}
}
@article{desikan2006automated,
  title={An automated labeling system for subdividing the human cerebral cortex on {MRI} scans into gyral based regions of interest},
  author={Desikan, Rahul S and S{\'e}gonne, Florent and Fischl, Bruce and Quinn, Brian T and Dickerson, Bradford C and Blacker, Deborah and Buckner, Randy L and others},
  journal={Neuroimage},
  volume={31},
  number={3},
  pages={968--980},
  year={2006},
  publisher={Elsevier}
}

@article{tenenbaum2000global,
  title={A global geometric framework for nonlinear dimensionality reduction},
  author={Tenenbaum, Joshua B and De Silva, Vin and Langford, John C},
  journal={Science},
  volume={290},
  number={5500},
  pages={2319--2323},
  year={2000},
  publisher={American Association for the Advancement of Science}
}